%YAML 1.1
%TAG !u! tag:unity3d.com,2011:
--- !u!1 &138936
GameObject:
  m_ObjectHideFlags: 0
  m_PrefabParentObject: {fileID: 0}
  m_PrefabInternal: {fileID: 100100000}
  serializedVersion: 4
  m_Component:
  - 4: {fileID: 438614}
  - 132: {fileID: 13203954}
  m_Layer: 0
  m_Name: Text
  m_TagString: Untagged
  m_Icon: {fileID: 0}
  m_NavMeshLayer: 0
  m_StaticEditorFlags: 0
  m_IsActive: 1
--- !u!1 &155902
GameObject:
  m_ObjectHideFlags: 0
  m_PrefabParentObject: {fileID: 0}
  m_PrefabInternal: {fileID: 100100000}
  serializedVersion: 4
  m_Component:
  - 4: {fileID: 457940}
  - 114: {fileID: 11459208}
  m_Layer: 0
  m_Name: DistanceController
  m_TagString: Untagged
  m_Icon: {fileID: 0}
  m_NavMeshLayer: 0
  m_StaticEditorFlags: 0
  m_IsActive: 1
--- !u!4 &438614
Transform:
  m_ObjectHideFlags: 1
  m_PrefabParentObject: {fileID: 0}
  m_PrefabInternal: {fileID: 100100000}
  m_GameObject: {fileID: 138936}
  m_LocalRotation: {x: 0, y: 0, z: 0, w: 1}
  m_LocalPosition: {x: 0, y: 0, z: 0}
  m_LocalScale: {x: 1, y: 1, z: 1}
  m_Children: []
  m_Father: {fileID: 457940}
  m_RootOrder: 0
--- !u!4 &457940
Transform:
  m_ObjectHideFlags: 1
  m_PrefabParentObject: {fileID: 0}
  m_PrefabInternal: {fileID: 100100000}
  m_GameObject: {fileID: 155902}
  m_LocalRotation: {x: 0, y: 0, z: 0, w: 1}
  m_LocalPosition: {x: 0.18427512, y: 0.57283175, z: -4.0363846}
  m_LocalScale: {x: 1, y: 1, z: 1}
  m_Children:
  - {fileID: 438614}
  m_Father: {fileID: 0}
  m_RootOrder: 0
--- !u!114 &11459208
MonoBehaviour:
  m_ObjectHideFlags: 1
  m_PrefabParentObject: {fileID: 0}
  m_PrefabInternal: {fileID: 100100000}
  m_GameObject: {fileID: 155902}
  m_Enabled: 1
  m_EditorHideFlags: 0
  m_Script: {fileID: 11500000, guid: f2383b5cde756b04b8e48bb201c47161, type: 3}
  m_Name: 
  m_EditorClassIdentifier: 
  body: {fileID: 0}
  adjust: -5
  bar: {fileID: 0}
--- !u!132 &13203954
GUIText:
  m_ObjectHideFlags: 1
  m_PrefabParentObject: {fileID: 0}
  m_PrefabInternal: {fileID: 100100000}
  m_GameObject: {fileID: 138936}
  m_Enabled: 1
  serializedVersion: 3
  m_Text: Warning
  m_Anchor: 4
  m_Alignment: 1
  m_PixelOffset: {x: 261.95, y: 100.43}
  m_LineSpacing: 1
  m_TabSize: 4
  m_Font: {fileID: 0}
  m_Material: {fileID: 0}
  m_FontSize: 52
  m_FontStyle: 0
  m_Color:
    serializedVersion: 2
    rgba: 4294967295
  m_PixelCorrect: 1
  m_RichText: 1
--- !u!1001 &100100000
Prefab:
  m_ObjectHideFlags: 1
  serializedVersion: 2
  m_Modification:
    m_TransformParent: {fileID: 0}
    m_Modifications: []
    m_RemovedComponents: []
  m_ParentPrefab: {fileID: 0}
  m_RootGameObject: {fileID: 155902}
  m_IsPrefabParent: 1
