%YAML 1.1
%TAG !u! tag:unity3d.com,2011:
--- !u!1 &154838
GameObject:
  m_ObjectHideFlags: 0
  m_PrefabParentObject: {fileID: 0}
  m_PrefabInternal: {fileID: 100100000}
  serializedVersion: 4
  m_Component:
  - 4: {fileID: 491980}
  - 114: {fileID: 11433828}
  - 114: {fileID: 11429096}
  m_Layer: 0
  m_Name: KinectController 2
  m_TagString: Untagged
  m_Icon: {fileID: 0}
  m_NavMeshLayer: 0
  m_StaticEditorFlags: 0
  m_IsActive: 1
--- !u!4 &491980
Transform:
  m_ObjectHideFlags: 1
  m_PrefabParentObject: {fileID: 0}
  m_PrefabInternal: {fileID: 100100000}
  m_GameObject: {fileID: 154838}
  m_LocalRotation: {x: 0, y: 0, z: 0, w: 1}
  m_LocalPosition: {x: 0, y: 0, z: 0}
  m_LocalScale: {x: 1, y: 1, z: 1}
  m_Children: []
  m_Father: {fileID: 0}
  m_RootOrder: 0
--- !u!114 &11429096
MonoBehaviour:
  m_ObjectHideFlags: 1
  m_PrefabParentObject: {fileID: 0}
  m_PrefabInternal: {fileID: 100100000}
  m_GameObject: {fileID: 154838}
  m_Enabled: 1
  m_EditorHideFlags: 0
  m_Script: {fileID: 11500000, guid: d0a34f9c34ef80f46868c952f2b69b75, type: 3}
  m_Name: 
  m_EditorClassIdentifier: 
  GestureInfo: {fileID: 0}
  row: 0
--- !u!114 &11433828
MonoBehaviour:
  m_ObjectHideFlags: 1
  m_PrefabParentObject: {fileID: 0}
  m_PrefabInternal: {fileID: 100100000}
  m_GameObject: {fileID: 154838}
  m_Enabled: 1
  m_EditorHideFlags: 0
  m_Script: {fileID: 11500000, guid: 6b531f336dfee5f438f94ed501caefc7, type: 3}
  m_Name: 
  m_EditorClassIdentifier: 
  sensorHeight: 1
  sensorAngle: 0
  autoHeightAngle: 3
  computeUserMap: 1
  computeColorMap: 0
  computeInfraredMap: 1
  displayUserMap: 1
  displayColorMap: 0
  displaySkeletonLines: 1
  DisplayMapsWidthPercent: 20
  useMultiSourceReader: 0
  minUserDistance: 0.5
  maxUserDistance: 0
  maxTrackedUsers: 6
  detectClosestUser: 1
  ignoreInferredJoints: 0
  lateUpdateAvatars: 0
  smoothing: 1
  useBoneOrientationConstraints: 1
  allowTurnArounds: 0
  allowedHandRotations: 1
  avatarControllers: []
  playerCalibrationPose: 0
  playerCommonGestures: 000000000000000018000000
  minTimeBetweenGestures: 0.05
  gestureListeners:
  - {fileID: 11429096}
  calibrationText: {fileID: 0}
  gesturesDebugText: {fileID: 0}
  gestureDebug: {fileID: 0}
--- !u!1001 &100100000
Prefab:
  m_ObjectHideFlags: 1
  serializedVersion: 2
  m_Modification:
    m_TransformParent: {fileID: 0}
    m_Modifications: []
    m_RemovedComponents: []
  m_ParentPrefab: {fileID: 0}
  m_RootGameObject: {fileID: 154838}
  m_IsPrefabParent: 1
