%YAML 1.1
%TAG !u! tag:unity3d.com,2011:
--- !u!1 &127654
GameObject:
  m_ObjectHideFlags: 0
  m_PrefabParentObject: {fileID: 0}
  m_PrefabInternal: {fileID: 100100000}
  serializedVersion: 4
  m_Component:
  - 4: {fileID: 403786}
  - 114: {fileID: 11485920}
  - 114: {fileID: 11403266}
  - 114: {fileID: 11440134}
  m_Layer: 0
  m_Name: KinectController
  m_TagString: Untagged
  m_Icon: {fileID: 0}
  m_NavMeshLayer: 0
  m_StaticEditorFlags: 0
  m_IsActive: 1
--- !u!4 &403786
Transform:
  m_ObjectHideFlags: 1
  m_PrefabParentObject: {fileID: 0}
  m_PrefabInternal: {fileID: 100100000}
  m_GameObject: {fileID: 127654}
  m_LocalRotation: {x: 0, y: 0, z: 0, w: 1}
  m_LocalPosition: {x: 0, y: 0, z: 0}
  m_LocalScale: {x: 1, y: 1, z: 1}
  m_Children: []
  m_Father: {fileID: 0}
  m_RootOrder: 0
--- !u!114 &11403266
MonoBehaviour:
  m_ObjectHideFlags: 1
  m_PrefabParentObject: {fileID: 0}
  m_PrefabInternal: {fileID: 100100000}
  m_GameObject: {fileID: 127654}
  m_Enabled: 1
  m_EditorHideFlags: 0
  m_Script: {fileID: 11500000, guid: a669d15f0035bbf4889c8092b5bcd201, type: 3}
  m_Name: 
  m_EditorClassIdentifier: 
  playerIndex: 0
  useHandCursor: 1
  gripHandTexture: {fileID: 2800000, guid: 475d892be250472448901e2ac7e4f3da, type: 3}
  releaseHandTexture: {fileID: 2800000, guid: deab68507f779a144b807ddc9587f2fe, type: 3}
  normalHandTexture: {fileID: 2800000, guid: 55b9da46e4eef3f4cafab36e66796aeb, type: 3}
  smoothFactor: 3
  allowHandClicks: 1
  controlMouseCursor: 1
  controlMouseDrag: 1
  debugText: {fileID: 0}
--- !u!114 &11440134
MonoBehaviour:
  m_ObjectHideFlags: 1
  m_PrefabParentObject: {fileID: 0}
  m_PrefabInternal: {fileID: 100100000}
  m_GameObject: {fileID: 127654}
  m_Enabled: 1
  m_EditorHideFlags: 0
  m_Script: {fileID: 11500000, guid: 29735fcf935e5f94a9473917f381f6b2, type: 3}
  m_Name: 
  m_EditorClassIdentifier: 
  camera: {fileID: 0}
  draggableObjects:
  - {fileID: 0}
  - {fileID: 0}
  selectedObjectMaterial: {fileID: 2100000, guid: 75a8ed001948d314e865d570bf611958,
    type: 2}
  dragSpeed: 3
  useGravity: 0
  resetObjects: 1
  infoGuiText: {fileID: 0}
--- !u!114 &11485920
MonoBehaviour:
  m_ObjectHideFlags: 1
  m_PrefabParentObject: {fileID: 0}
  m_PrefabInternal: {fileID: 100100000}
  m_GameObject: {fileID: 127654}
  m_Enabled: 1
  m_EditorHideFlags: 0
  m_Script: {fileID: 11500000, guid: 6b531f336dfee5f438f94ed501caefc7, type: 3}
  m_Name: 
  m_EditorClassIdentifier: 
  sensorHeight: 1
  sensorAngle: 0
  autoHeightAngle: 0
  computeUserMap: 0
  computeColorMap: 0
  computeInfraredMap: 0
  displayUserMap: 0
  displayColorMap: 0
  displaySkeletonLines: 0
  DisplayMapsWidthPercent: 20
  useMultiSourceReader: 0
  minUserDistance: 0.5
  maxUserDistance: 0
  maxTrackedUsers: 6
  detectClosestUser: 1
  ignoreInferredJoints: 1
  lateUpdateAvatars: 0
  smoothing: 1
  useBoneOrientationConstraints: 1
  allowTurnArounds: 0
  allowedHandRotations: 1
  avatarControllers: []
  playerCalibrationPose: 0
  playerCommonGestures: 
  minTimeBetweenGestures: 0.7
  gestureListeners: []
  calibrationText: {fileID: 0}
  gesturesDebugText: {fileID: 0}
--- !u!1001 &100100000
Prefab:
  m_ObjectHideFlags: 1
  serializedVersion: 2
  m_Modification:
    m_TransformParent: {fileID: 0}
    m_Modifications: []
    m_RemovedComponents: []
  m_ParentPrefab: {fileID: 0}
  m_RootGameObject: {fileID: 127654}
  m_IsPrefabParent: 1
